<?xml version="1.0" encoding="UTF-8"?><collection xmlns="http://www.loc.gov/MARC21/slim"><record><leader>00415nam--2200109-i-4500</leader><controlfield tag="001">000038589</controlfield><controlfield tag="002">20161230</controlfield><controlfield tag="005">20161230201041</controlfield><controlfield tag="008">060222s1000------------r-----000-0-eng-d</controlfield><datafield ind1=" " ind2=" " tag="245"><subfield code="a">Repertoriul periodicelor straine din r.p.r. abonamente 1965. seria a: stiinta in general. matematica. st.fizico-chimice. geologie-geografie. tehnica in general</subfield></datafield><datafield ind1=" " ind2=" " tag="260"><subfield code="a">Bucuresti, Bibl.Centr.De Stat, 1965, Xxxviii + 696p</subfield></datafield><datafield ind1=" " ind2=" " tag="852"><subfield code="a">21633</subfield></datafield></record></collection>